@comment{ "$Id: abnt-6023-2000.bib,v 1.5 2003/06/19 09:33:41 gweber Exp $"}
@book{6023-2002-7.1.1,
 author  ={Gomes, L. G. F. F},
 title   ={Novela e sociedade no Brasil},
 address ={Niter\'oi},
 publisher={EdUFF},
 year    ={1998}}
