% This file was created with JabRef 2.10b.
% Encoding: Cp1252


@Book{Anderson1977,
  Title                    = {Power System Control and Stability},
  Author                   = {Paul M. Anderson and A. A. Fouad},
  Publisher                = {The Iowa State University Press},
  Year                     = {1977},

  Address                  = {Ames, USA},

  Pages                    = {464}
}

@Electronic{TesteSite2013,
  Title                    = {Teste documento eletronico.},
  Address                  = {Brasil.},
  Author                   = {Fábio Brignol},
  Month                    = {Jan.},
  Note                     = {Acesso em: 12 out. 2013},
  Url                      = {www.pb.utfpr.edu.br},
  Year                     = {2010},
  Owner                    = {Moreto},
  Timestamp                = {2013.10.30}
}

@Manual{abntex-doc,
  Title                    = {Classe ABNT. confeção de trabalhos acadêmicos em \LaTeX~ segundo as normas ABNT},
  Author                   = {Miguel V. S. Frasson},
  Note                     = {Acesso em: 12 out. 2013},
  Organization             = {Grupo abnTeX},
  Year                     = {2003},
  Url                      = {http://abntex.codigolivre.org.br}
}

@Book{Glover2002,
  Title                    = {Power System Analysis and Design},
  Author                   = {J. Duncan Glover and Mulukutla S. Sarma},
  Publisher                = {Brooks/Cole},
  Year                     = {2002},
  Address                  = {Pacific Grove, USA},
  Edition                  = {3},
  Pages                    = {656}
}



@Book{Grainger1994,
  Title                    = {Power System Analysis},
  Author                   = {John J. Grainger and Willian D. Stevenson},
  Publisher                = {McGraw-Hill, Inc.},
  Year                     = {1994},

  Address                  = {New York, USA},

  Pages                    = {787}
}

@book{cormen,
	Title = {Algoritmos: teoria e prática},
	Publisher = {Editora Campus},
	edition   = ={2},
	Author = {Cormen, Thomas H and Leiserson, Charles E and Rivest, Ronald L and Stein, Clifford},
	year={2002}
}

@book{chu,
	title={Inside the FFT black box: serial and parallel fast Fourier transform algorithms},
	publisher={CRC Press}
	edition   = ={1},
	author={Chu, Eleanor and George, Alan},
	year={1999},
}

@book{Oppenheim,
	title={Sinais e Sistemas},
	publisher = {Brasil:Pearson},
	edition   = {2},
	author={Alan V Oppenheim and Alan S Willsky},
	year={2010}
}

@book{lathi,
	title={Sinais e Sistemas Lineares},
	publisher={Brasil: Bookman},
	edition   = {2},
	author={Bhagwandas Pannalal Lathi},
	year={2007},
	
}

@book{meyer,
	title={Digital signal processing with field programmable gate arrays},
	publisher={Springer},
	edition   = {3},
	author={Uwe Meyer-Baese},
	year={2007}
	
}

@misc{bovespa,
	title = {Índice BM \& FBOVESPA},
	author={TradingView},
	year={2017},
	howpublished = {\url{https://www.tradingview.com/symbols/BMFBOVESPA-IBOV/}},
	note = {Acessado em 14 de Agosto de 2017}
}

@Standard{,
  Owner                    = {Moreto},
  Timestamp                = {2013.10.30}
}

@INPROCEEDINGS{NirmalRaj,
	author={S. NirmalRaj and T. Vigneswaran},
	booktitle={2015 International Conference on Circuits, Power and Computing Technologies [ICCPCT-2015]},
	title={A novel method to compress voice signal using compressive sensing},
	year={2015},
	pages={1-4},
	keywords={compressed sensing;speech processing;compressive sensing;message signal compression;},
	doi={10.1109/ICCPCT.2015.7159312},
	month={March},
}
